
@book{darwin_origin_1859,
	address = {Hazleton},
	series = {The {Eletronic} {Classic} {Series}},
	title = {On the origin of species},
	abstract = {This book was converted from its physical edition to the digital format by a community of volunteers. You may find it for free on the web. Purchase of the Kindle edition includes wireless delivery.},
	author = {Darwin, Charles},
	year = {1859}
}

@article{darwin_tendency_1858,
	title = {On the {Tendency} of {Species} to form {Varieties}; and on the {Perpetuation} of {Varieties} and {Species} by {Natural} {Means} of {Selection}.},
	volume = {3},
	issn = {1945-9416},
	url = {http://onlinelibrary.wiley.com/doi/10.1111/j.1096-3642.1858.tb02500.x/abstract},
	doi = {10.1111/j.1096-3642.1858.tb02500.x},
	language = {en},
	number = {9},
	urldate = {2014-10-20},
	journal = {Zoological Journal of the Linnean Society},
	author = {Darwin, Charles and Wallace, Alfred},
	month = aug,
	year = {1858},
	pages = {45--62}
}

@misc{legrand_legrand_2013,
	title = {The {Legrand} {Orange} {Book}},
	author = {Legrand, Mathias},
	year = {2013}
}